<?xml version="1.0" encoding="utf-8"?>
<record xmlns="http://www.loc.gov/MARC21/slim" xmlns:xsi="http://www.w3.org/2001/XMLSchema-instance" xsi:schemaLocation="http://www.loc.gov/MARC21/slim http://www.loc.gov/standards/marcxml/schema/MARC21slim.xsd">
	<leader>     nam a22     Mi 4500</leader>
	<controlfield tag="001">1112577</controlfield>
	<controlfield tag="003">NjP</controlfield>
	<controlfield tag="006">m        d        </controlfield>
	<controlfield tag="007">cr cn |||m|||a</controlfield>
	<controlfield tag="008">210322s1907    ae      o     000 0 ara d</controlfield>
	<datafield ind1=" " ind2=" " tag="040">
		<subfield code="a">ZYU</subfield>
		<subfield code="b">ara</subfield>
		<subfield code="e">rda</subfield>
		<subfield code="c">ZYU</subfield>
	</datafield>
	<datafield ind1="1" ind2=" " tag="100">
		<subfield code="6">880-01</subfield>
		<subfield code="a">Quṭrub, Muḥammad ibn al-Mustanīr,</subfield>
		<subfield code="d">-821 or 822.</subfield>
	</datafield>
	<datafield ind1="1" ind2="0" tag="240">
		<subfield code="6">880-02</subfield>
		<subfield code="a">Muthallathāt Quṭrub</subfield>
	</datafield>
	<datafield ind1="1" ind2="0" tag="245">
		<subfield code="6">880-03</subfield>
		<subfield code="a">Hādhihi Muthallathāt ʻallāmat al-anām, qāmūs al-balāghah wa-nibrās al-afhām, Abī ʻAlī Muḥammad ibn al-Mustanīr al-maʻrūf bi-Quṭrub al-Naḥwī al-mutawaffá sanat 206 Hijrīyah, wa-huwa awwal wāḍiʻ li-hādhā al-fann kamā fī Kashf al-ẓunūn, raḥimahu Allāh, maʻa sharḥihā ʻalá al-tamām /</subfield>
		<subfield code="c">iʻtaná bi-taṣḥīḥihā Ibn Abī Shanab.</subfield>
	</datafield>
	<datafield ind1=" " ind2=" " tag="260">
		<subfield code="6">880-04</subfield>
		<subfield code="a">al-Jazāʼir :</subfield>
		<subfield code="b">al-Maṭbaʻah al-Thaʻālibīyah,</subfield>
		<subfield code="c">1907.</subfield>
	</datafield>
	<datafield ind1=" " ind2=" " tag="300">
		<subfield code="a">online resource (30 pages)</subfield>
	</datafield>
	<datafield ind1=" " ind2=" " tag="336">
		<subfield code="a">text</subfield>
		<subfield code="2">rdacontent</subfield>
	</datafield>
	<datafield ind1=" " ind2=" " tag="337">
		<subfield code="a">computer</subfield>
		<subfield code="2">rdamedia</subfield>
	</datafield>
	<datafield ind1=" " ind2=" " tag="338">
		<subfield code="a">online resource</subfield>
		<subfield code="2">rdacarrier</subfield>
	</datafield>
	<datafield ind1=" " ind2=" " tag="500">
		<subfield code="a">&quot;Sharḥ waḍaʻahu baʻḍ ʻulamāʼ al-lughah wa-al-adab ʻalá Muthallathāt Quṭrub.&quot;--Page [2].</subfield>
	</datafield>
	<datafield ind1=" " ind2=" " tag="500">
		<subfield code="a">Part of the Arabic Collections Online (ACO) project, contributed by Princeton University Libraries.</subfield>
	</datafield>
	<datafield ind1=" " ind2=" " tag="533">
		<subfield code="a">Electronic reproduction.</subfield>
		<subfield code="b">New York, N.Y. :</subfield>
		<subfield code="c">New York University,</subfield>
		<subfield code="d">2021.</subfield>
		<subfield code="5">NNU</subfield>
	</datafield>
	<datafield ind1=" " ind2="0" tag="650">
		<subfield code="a">Arabic language</subfield>
		<subfield code="v">Terms and phrases.</subfield>
	</datafield>
	<datafield ind1=" " ind2="7" tag="650">
		<subfield code="a">Arabic language.</subfield>
		<subfield code="2">fast</subfield>
		<subfield code="0">(OCoLC)fst00812287</subfield>
	</datafield>
	<datafield ind1=" " ind2="7" tag="655">
		<subfield code="a">Terms and phrases.</subfield>
		<subfield code="2">fast</subfield>
		<subfield code="0">(OCoLC)fst01423862</subfield>
	</datafield>
	<datafield ind1="1" ind2=" " tag="700">
		<subfield code="6">880-05</subfield>
		<subfield code="a">Ben Cheneb, Mohammed,</subfield>
		<subfield code="d">1869-1929.</subfield>
	</datafield>
	<datafield ind1="2" ind2=" " tag="710">
		<subfield code="a">Princeton University.</subfield>
		<subfield code="b">Library.</subfield>
	</datafield>
	<datafield ind1="0" ind2=" " tag="730">
		<subfield code="a">Arabic Collections Online.</subfield>
	</datafield>
	<datafield ind1="0" ind2="8" tag="776">
		<subfield code="i">Online version:</subfield>
		<subfield code="a">Quṭrub, Muḥammad ibn al-Mustanīr, -821 or 2.</subfield>
		<subfield code="s">Muthallathāt Quṭrub.</subfield>
		<subfield code="t">Hādhihi Muthallathāt ʻallāmat al-anām, qāmūs al-balāghah wa-nibrās al-afhām, Abī ʻAlī Muḥammad ibn al-Mustanīr al-maʻrūf bi-Quṭrub al-Naḥwī al-mutawaffá sanat 206 Hijrīyah, wa-huwa awwal wāḍiʻ li-hādhā al-fann kamā fī Kashf al-ẓunūn, raḥimahu Allāh, maʻa sharḥihā ʻalá al-tamām.</subfield>
		<subfield code="d">al-Jazāʼir : al-Maṭbaʻah al-Thaʻālibīyah, 1907</subfield>
		<subfield code="w">(OCoLC)657193762</subfield>
	</datafield>
	<datafield ind1="0" ind2="8" tag="776">
		<subfield code="i">Print version:</subfield>
		<subfield code="a">Quṭrub, Muḥammad ibn al-Mustanīr, -821 or 822.</subfield>
		<subfield code="t">Hādhihi Muthallathāt ʻallāmat al-anām, qāmūs al-balāghah wa-nibrās al-afhām, Abī ʻAlī Muḥammad ibn al-Mustanīr al-maʻrūf bi-Quṭrub al-Naḥwī al-mutawaffá sanat 206 Hijrīyah, wa-huwa awwal wāḍiʻ li-hādhā al-fann kamā fī Kashf al-ẓunūn, raḥimahu Allāh, maʻa sharḥihā ʻalá al-tamām</subfield>
		<subfield code="w">(NjP)1112577</subfield>
		<subfield code="w">(OCoLC)36356735</subfield>
	</datafield>
	<datafield ind1="4" ind2="0" tag="856">
		<subfield code="u">http://hdl.handle.net/2333.1/t4b8h4tf</subfield>
	</datafield>
	<datafield ind1="1" ind2=" " tag="880">
		<subfield code="6">100-01</subfield>
		<subfield code="a">قطرب، محمد بن المستنير،</subfield>
		<subfield code="d">-821 or 822.</subfield>
	</datafield>
	<datafield ind1="1" ind2="0" tag="880">
		<subfield code="6">240-02</subfield>
		<subfield code="a">مثلثات قطرب</subfield>
	</datafield>
	<datafield ind1="1" ind2="0" tag="880">
		<subfield code="6">245-03</subfield>
		<subfield code="a">هذه مثلثات علامة الانام، قاموس البلاغة ونبراس الافهام، ابي علي محمد بن المستنير المعروف بقطرب النحوي المتوفى سنة 206 هجرية، وهو اول واضع لهذه الفن كما في كشف الظنون، رحمه الله، مع شرحها على التمام /</subfield>
		<subfield code="c">اعتنى بتصحيحها ابن ابي شنب.</subfield>
	</datafield>
	<datafield ind1=" " ind2=" " tag="880">
		<subfield code="6">260-04</subfield>
		<subfield code="a">الجزائر :</subfield>
		<subfield code="b">المطبعة الثعالبية،</subfield>
		<subfield code="c">1907.</subfield>
	</datafield>
	<datafield ind1="1" ind2=" " tag="880">
		<subfield code="6">700-05</subfield>
		<subfield code="a">ابن شنب، محمد،</subfield>
		<subfield code="d">1869-1929.</subfield>
	</datafield>
	<datafield ind1=" " ind2=" " tag="959">
		<subfield code="a">NNU</subfield>
		<subfield code="b">WEB</subfield>
		<subfield code="c">GENI</subfield>
		<subfield code="t">0</subfield>
		<subfield code="m">Electronic access</subfield>
		<subfield code="s">01</subfield>
	</datafield>
	<datafield ind1=" " ind2=" " tag="999">
		<subfield code="i">NjP_1112577</subfield>
		<subfield code="o">(OCoLC)ocm36356735</subfield>
		<subfield code="s">princeton_aco004463:</subfield>
		<subfield code="e">(ERROR-880)(ERROR-MISC)</subfield>
		<subfield code="s">princeton_aco004463:</subfield>
	</datafield>
</record>
